<?xml version="1.0" encoding="UTF-8"?>
<SOAP-ENV:Envelope xmlns:SOAP-ENV="http://schemas.xmlsoap.org/soap/envelope/" xmlns:ns1="http://oss.dbc.dk/ns/openformat" xmlns:os="http://oss.dbc.dk/ns/ope
nsearch" xmlns:dc="http://purl.org/dc/elements/1.1/" xmlns:dkabm="http://biblstandard.dk/abm/namespace/dkabm/" xmlns:ISO639-2="http://lcweb.loc.gov/standard
s/iso639-2/" xmlns:dcmitype="http://purl.org/dc/dcmitype/" xmlns:dcterms="http://purl.org/dc/terms/" xmlns:ac="http://biblstandard.dk/ac/namespace/" xmlns:d
kdcplus="http://biblstandard.dk/abm/namespace/dkdcplus/" xmlns:oss="http://oss.dbc.dk/ns/osstypes" xmlns:marcx="info:lc/xmlns/marcxchange-v1" xmlns:xsi="htt
p://www.w3.org/2001/XMLSchema-instance" xmlns:foxml="info:fedora/fedora-system:def/foxml#" xsi:schemaLocation="info:fedora/fedora-system:def/foxml# http://w
ww.fedora.info/definitions/1/0/foxml1-1.xsd">
  <SOAP-ENV:Body>
    <ns1:formatRequest>
      <ns1:originalData>
<oclcRecords><oclcRecord><foxml:digitalObject VERSION="1.1" PID="870970-basis:05997283"
xmlns:foxml="info:fedora/fedora-system:def/foxml#"
xmlns:xsi="http://www.w3.org/2001/XMLSchema-instance"
xsi:schemaLocation="info:fedora/fedora-system:def/foxml# http://www.fedora.info/definitions/1/0/foxml1-1.xsd">
<foxml:objectProperties>
<foxml:property NAME="info:fedora/fedora-system:def/model#state" VALUE="Active"/>
<foxml:property NAME="info:fedora/fedora-system:def/model#label" VALUE=""/>
<foxml:property NAME="info:fedora/fedora-system:def/model#ownerId" VALUE=""/>
<foxml:property NAME="info:fedora/fedora-system:def/model#createdDate" VALUE="2013-05-16T12:09:10.031Z"/>
<foxml:property NAME="info:fedora/fedora-system:def/view#lastModifiedDate" VALUE="2013-05-16T12:09:10.082Z"/>
</foxml:objectProperties>
<foxml:datastream ID="AUDIT" STATE="A" CONTROL_GROUP="X" VERSIONABLE="false">
<foxml:datastreamVersion ID="AUDIT.0" LABEL="Audit Trail for this object" CREATED="2013-05-16T12:09:10.031Z" MIMETYPE="text/xml" FORMAT_URI="info:fedora/fedora-system:format/xml.fedora.audit">
<foxml:xmlContent>
<audit:auditTrail xmlns:audit="info:fedora/fedora-system:def/audit#">
<audit:record ID="AUDREC1">
<audit:process type="Fedora API-M"/>
<audit:action>modifyDatastreamByValue</audit:action>
<audit:componentID>RELS-SYS</audit:componentID>
<audit:responsibility>fedoraAdmin</audit:responsibility>
<audit:date>2013-05-16T12:09:10.082Z</audit:date>
<audit:justification></audit:justification>
</audit:record>
</audit:auditTrail>
</foxml:xmlContent>
</foxml:datastreamVersion>
</foxml:datastream>
<foxml:datastream ID="DC" STATE="A" CONTROL_GROUP="X" VERSIONABLE="false">
<foxml:datastreamVersion ID="DC.0" LABEL="" CREATED="2013-05-16T12:09:10.039Z" MIMETYPE="text/xml" SIZE="822">
<foxml:xmlContent>
<oai_dc:dc xmlns:oai_dc="http://www.openarchives.org/OAI/2.0/oai_dc/" xmlns:dc="http://purl.org/dc/elements/1.1/" xmlns:xsi="http://www.w3.org/2001/XMLSchema-instance" xsi:schemaLocation="http://www.openarchives.org/OAI/2.0/oai_dc/ http://www.openarchives.org/OAI/2.0/oai_dc.xsd">
  <dc:title>gaffa</dc:title>
  <dc:title>MATCH:gaffa</dc:title>
  <dc:publisher>gaffa</dc:publisher>
  <dc:publisher>MATCHSTRING:gaffa</dc:publisher>
  <dc:contributor>MATCHSTRING:foreningen musikmagasinet gaffa</dc:contributor>
  <dc:contributor>foreningen musikmagasinet gaffa</dc:contributor>
  <dc:date>1983</dc:date>
  <dc:type>Tidsskrift</dc:type>
  <dc:type>WORK:periodica</dc:type>
  <dc:identifier>870970-basis:05997283</dc:identifier>
  <dc:identifier>ISSN:01090097</dc:identifier>
  <dc:language>Dansk</dc:language>
</oai_dc:dc>
</foxml:xmlContent>
</foxml:datastreamVersion>
</foxml:datastream>
<foxml:datastream ID="commonData" STATE="A" CONTROL_GROUP="X" VERSIONABLE="false">
<foxml:datastreamVersion ID="commonData.0" LABEL="" CREATED="2013-05-16T12:09:10.039Z" MIMETYPE="text/xml" SIZE="6265">
<foxml:xmlContent>
<ting:container xmlns:ac="http://biblstandard.dk/ac/namespace/" xmlns:dc="http://purl.org/dc/elements/1.1/" xmlns:dcterms="http://purl.org/dc/terms/" xmlns:dkabm="http://biblstandard.dk/abm/namespace/dkabm/" xmlns:dkdcplus="http://biblstandard.dk/abm/namespace/dkdcplus/" xmlns:docbook="http://docbook.org/ns/docbook" xmlns:oss="http://oss.dbc.dk/ns/osstypes" xmlns:ting="http://www.dbc.dk/ting" xmlns:xsi="http://www.w3.org/2001/XMLSchema-instance"><dkabm:record><ac:identifier>05997283|870970</ac:identifier><ac:source>Bibliotekskatalog</ac:source><dc:title>Gaffa</dc:title><dc:title xsi:type="dkdcplus:full">Gaffa : nyheder, features, interviews, anmeldelser, kalender</dc:title><dc:subject xsi:type="dkdcplus:DK5">78</dc:subject><dc:subject xsi:type="dkdcplus:DK5-Text">Musik</dc:subject><dc:description>Udkommer i medlemsudgave med særligt medlemsstof</dc:description><dc:description>Til enkelte numre findes tillæg</dc:description><dc:description>Undertitlen varierer</dc:description><dcterms:audience>voksenmaterialer</dcterms:audience><dc:publisher>Gaffa</dc:publisher><dc:contributor>Foreningen Musikmagasinet Gaffa</dc:contributor><dc:date>1983</dc:date><dc:type xsi:type="dkdcplus:BibDK-Type">Tidsskrift</dc:type><dc:identifier xsi:type="dkdcplus:ISSN">0109-0097</dc:identifier><dc:language xsi:type="dcterms:ISO639-2">dan</dc:language><dc:language>Dansk</dc:language></dkabm:record><marcx:collection xmlns:marcx="info:lc/xmlns/marcxchange-v1"><marcx:record format="danMARC2" type="Bibliographic"><marcx:leader>00000n    2200000   4500</marcx:leader><marcx:datafield ind1="0" ind2="0" tag="001"><marcx:subfield code="a">05997283</marcx:subfield><marcx:subfield code="b">870970</marcx:subfield><marcx:subfield code="c">20060214235423</marcx:subfield><marcx:subfield code="d">19831202</marcx:subfield><marcx:subfield code="f">a</marcx:subfield></marcx:datafield><marcx:datafield ind1="0" ind2="0" tag="002"><marcx:subfield code="b">810010</marcx:subfield><marcx:subfield code="d">01090097</marcx:subfield><marcx:subfield code="x">81001001090097</marcx:subfield></marcx:datafield><marcx:datafield ind1="0" ind2="0" tag="004"><marcx:subfield code="r">c</marcx:subfield><marcx:subfield code="a">e</marcx:subfield></marcx:datafield><marcx:datafield ind1="0" ind2="0" tag="008"><marcx:subfield code="t">p</marcx:subfield><marcx:subfield code="u">c</marcx:subfield><marcx:subfield code="a">1983</marcx:subfield><marcx:subfield code="b">dk</marcx:subfield><marcx:subfield code="c">m</marcx:subfield><marcx:subfield code="h">p</marcx:subfield><marcx:subfield code="i">b</marcx:subfield><marcx:subfield code="l">dan</marcx:subfield><marcx:subfield code="v">0</marcx:subfield></marcx:datafield><marcx:datafield ind1="0" ind2="0" tag="009"><marcx:subfield code="a">a</marcx:subfield><marcx:subfield code="g">xx</marcx:subfield></marcx:datafield><marcx:datafield ind1="0" ind2="0" tag="022"><marcx:subfield code="a">0109-0097</marcx:subfield><marcx:subfield code="c">hf.</marcx:subfield><marcx:subfield code="d">enkelteksemplarer gratis</marcx:subfield></marcx:datafield><marcx:datafield ind1="0" ind2="0" tag="032"><marcx:subfield code="a">DPF198351</marcx:subfield><marcx:subfield code="x">SFD199507</marcx:subfield><marcx:subfield code="x">OPR198351</marcx:subfield><marcx:subfield code="x">DAT200310</marcx:subfield><marcx:subfield code="x">DAT200449</marcx:subfield><marcx:subfield code="x">DAT200607</marcx:subfield></marcx:datafield><marcx:datafield ind1="0" ind2="0" tag="082"><marcx:subfield code="a">780.730 948 9</marcx:subfield></marcx:datafield><marcx:datafield ind1="0" ind2="0" tag="210"><marcx:subfield code="a">Gaffa</marcx:subfield><marcx:subfield code="b">Århus</marcx:subfield></marcx:datafield><marcx:datafield ind1="0" ind2="0" tag="222"><marcx:subfield code="a">Gaffa</marcx:subfield><marcx:subfield code="b">Århus. Papirform</marcx:subfield></marcx:datafield><marcx:datafield ind1="0" ind2="0" tag="245"><marcx:subfield code="a">Gaffa</marcx:subfield><marcx:subfield code="c">nyheder, features, interviews, anmeldelser, kalender</marcx:subfield></marcx:datafield><marcx:datafield ind1="0" ind2="0" tag="255"><marcx:subfield code="a">Nr. 1 (sept. 1983)-</marcx:subfield></marcx:datafield><marcx:datafield ind1="0" ind2="0" tag="260"><marcx:subfield code="a">Århus</marcx:subfield><marcx:subfield code="d">Møllegade 9-13, 8000 C</marcx:subfield><marcx:subfield code="b">Gaffa</marcx:subfield><marcx:subfield code="c">[1983]-</marcx:subfield></marcx:datafield><marcx:datafield ind1="0" ind2="0" tag="500"><marcx:subfield code="a">Månedlig</marcx:subfield></marcx:datafield><marcx:datafield ind1="0" ind2="0" tag="505"><marcx:subfield code="&amp;">1</marcx:subfield><marcx:subfield code="a">Tidsskrift</marcx:subfield></marcx:datafield><marcx:datafield ind1="0" ind2="0" tag="512"><marcx:subfield code="a">Udkommer i medlemsudgave med særligt medlemsstof</marcx:subfield></marcx:datafield><marcx:datafield ind1="0" ind2="0" tag="512"><marcx:subfield code="a">Til enkelte numre findes tillæg</marcx:subfield></marcx:datafield><marcx:datafield ind1="0" ind2="0" tag="512"><marcx:subfield code="a">Undertitlen varierer</marcx:subfield></marcx:datafield><marcx:datafield ind1="0" ind2="0" tag="526"><marcx:subfield code="a">Til nogle numre findes cd-rom</marcx:subfield></marcx:datafield><marcx:datafield ind1="0" ind2="0" tag="526"><marcx:subfield code="i">Også på internettet</marcx:subfield><marcx:subfield code="t">Gaffa</marcx:subfield></marcx:datafield><marcx:datafield ind1="0" ind2="0" tag="539"><marcx:subfield code="a">12, december 2005</marcx:subfield></marcx:datafield><marcx:datafield ind1="0" ind2="0" tag="652"><marcx:subfield code="m">78</marcx:subfield></marcx:datafield><marcx:datafield ind1="0" ind2="0" tag="710"><marcx:subfield code="a">Foreningen Musikmagasinet Gaffa</marcx:subfield></marcx:datafield><marcx:datafield ind1="0" ind2="0" tag="996"><marcx:subfield code="a">810010</marcx:subfield></marcx:datafield></marcx:record></marcx:collection><adminData><creationDate>2005-03-01</creationDate><libraryType>none</libraryType><indexingAlias>danmarcxchange</indexingAlias><accessType>physical</accessType><genre>nonfiktion</genre><collectionIdentifier>870970-basis</collectionIdentifier></adminData></ting:container>
</foxml:xmlContent>
</foxml:datastreamVersion>
</foxml:datastream>
<foxml:datastream ID="localData.870970-basis" STATE="A" CONTROL_GROUP="X" VERSIONABLE="false">
<foxml:datastreamVersion ID="localData.870970-basis.0" LABEL="" CREATED="2013-05-16T12:09:10.039Z" MIMETYPE="text/xml" SIZE="536">
<foxml:xmlContent>
<ting:localData xmlns:ting="http://www.dbc.dk/ting"><marcx:record xmlns:marcx="info:lc/xmlns/marcxchange-v1" format="danMARC2" type="BibliographicLocal"><marcx:datafield ind1="0" ind2="0" tag="d08"><marcx:subfield code="a">svj/lin/jls/ejs/bch/ejs</marcx:subfield></marcx:datafield><marcx:datafield ind1="0" ind2="0" tag="n55"><marcx:subfield code="a">20050301</marcx:subfield></marcx:datafield><marcx:datafield ind1="0" ind2="0" tag="z99"><marcx:subfield code="a">kpn</marcx:subfield></marcx:datafield></marcx:record>