</ting:localData>
</foxml:xmlContent>
</foxml:datastreamVersion>
</foxml:datastream>
<foxml:datastream ID="RELS-SYS" STATE="A" CONTROL_GROUP="X" VERSIONABLE="false">
<foxml:datastreamVersion ID="RELS-SYS.1" LABEL="" CREATED="2013-05-16T12:09:10.082Z" MIMETYPE="application/rdf+xml" SIZE="317">
<foxml:xmlContent>
<rdf:RDF xmlns:rdf="http://www.w3.org/1999/02/22-rdf-syntax-ns#">
  <rdf:Description rdf:about="info:fedora/870970-basis:05997283">
    <isMemberOfUnit xmlns="info:fedora/">unit:47944</isMemberOfUnit>
    <isPrimaryBibObjectFor xmlns="info:fedora/">unit:47944</isPrimaryBibObjectFor>
  </rdf:Description>
</rdf:RDF>
</foxml:xmlContent>
</foxml:datastreamVersion>
</foxml:datastream>
</foxml:digitalObject><ocn></ocn><holdingsServiceResponse><response>
<timestamp>2013-05-30 10:25:18.997</timestamp>
<pid>870970-basis:05997283</pid>
<result>
</result>
</response></holdingsServiceResponse></oclcRecord></oclcRecords>
Transformed record: TransformedRecordItem { holdings: "[Holding { symbol: "DKDLA", activity: "I" }]", iso2709Data: "", ocn: "", record: "<mx:record xmlns:mx="http://www.loc.gov/MARC21/slim" format="MARC21" type="Bibliographic"><mx:leader>00000cas a22000000c 4500</mx:leader><mx:controlfield tag="008">831202c19839999dk m| p|      0|||b|dan|d</mx:controlfield><mx:datafield ind1=" " ind2=" " tag="022"><mx:subfield code="a">0109-0097</mx:subfield></mx:datafield><mx:datafield ind1="1" ind2=" " tag="029"><mx:subfield code="a">DKDLA</mx:subfield><mx:subfield code="b">870970-basis:05997283</mx:subfield></mx:datafield><mx:datafield ind1=" " ind2=" " tag="040"><mx:subfield code="a">DKDLA</mx:subfield><mx:subfield code="b">dan</mx:subfield><mx:subfield code="c">DKDLA</mx:subfield></mx:datafield><mx:datafield ind1=" " ind2=" " tag="049"><mx:subfield code="a">DK-190101</mx:subfield></mx:datafield><mx:datafield ind1=" " ind2=" " tag="084"><mx:subfield code="a">78</mx:subfield><mx:subfield code="2">z</mx:subfield></mx:datafield><mx:datafield ind1="0" ind2=" " tag="210"><mx:subfield code="a">Gaffa</mx:subfield><mx:subfield code="b">(Århus)</mx:subfield></mx:datafield><mx:datafield ind1=" " ind2="0" tag="222"><mx:subfield code="a">Gaffa</mx:subfield><mx:subfield code="b">(Århus. Papirform)</mx:subfield></mx:datafield><mx:datafield ind1="1" ind2="0" tag="245"><mx:subfield code="a">Gaffa:</mx:subfield><mx:subfield code="b">nyheder, features, interviews, anmeldelser, kalender</mx:subfield></mx:datafield><mx:datafield ind1=" " ind2=" " tag="260"><mx:subfield code="a">Århus :</mx:subfield><mx:subfield code="b">Gaffa,</mx:subfield><mx:subfield code="c">[1983]-</mx:subfield></mx:datafield><mx:datafield ind1=" " ind2=" " tag="310"><mx:subfield code="a">Månedlig</mx:subfield></mx:datafield><mx:datafield ind1="0" ind2=" " tag="362"><mx:subfield code="a">Nr. 1 (sept. 1983)-</mx:subfield></mx:datafield><mx:datafield ind1=" " ind2=" " tag="588"><mx:subfield code="a">12, december 2005</mx:subfield></mx:datafield><mx:datafield ind1="2" ind2=" " tag="710"><mx:subfield code="a">Foreningen Musikmagasinet Gaffa</mx:subfield></mx:datafield><mx:datafield ind1=" " ind2=" " tag="901"><mx:subfield code="a">780</mx:subfield></mx:datafield></mx:record>" }

2013-05-30 10:26:02.560,INFO,dk.dbc.oclc.wciru.FlowLog,870970-basis:29036748,FlowLog,flush Record: '870970-basis:29036748'
RecordFilter result: PUSH
Wrapped record: <oclcRecords><oclcRecord><foxml:digitalObject VERSION="1.1" PID="870970-basis:29036748"
xmlns:foxml="info:fedora/fedora-system:def/foxml#"
xmlns:xsi="http://www.w3.org/2001/XMLSchema-instance"
xsi:schemaLocation="info:fedora/fedora-system:def/foxml# http://www.fedora.info/definitions/1/0/foxml1-1.xsd">
<foxml:objectProperties>
<foxml:property NAME="info:fedora/fedora-system:def/model#state" VALUE="Active"/>
<foxml:property NAME="info:fedora/fedora-system:def/model#label" VALUE=""/>
<foxml:property NAME="info:fedora/fedora-system:def/model#ownerId" VALUE=""/>
<foxml:property NAME="info:fedora/fedora-system:def/model#createdDate" VALUE="2013-05-16T12:06:00.431Z"/>
<foxml:property NAME="info:fedora/fedora-system:def/view#lastModifiedDate" VALUE="2013-05-16T12:09:14.950Z"/>
</foxml:objectProperties>
<foxml:datastream ID="AUDIT" STATE="A" CONTROL_GROUP="X" VERSIONABLE="false">
<foxml:datastreamVersion ID="AUDIT.0" LABEL="Audit Trail for this object" CREATED="2013-05-16T12:06:00.431Z" MIMETYPE="text/xml" FORMAT_URI="info:fedora/fedora-system:format/xml.fedora.audit">
<foxml:xmlContent>
<audit:auditTrail xmlns:audit="info:fedora/fedora-system:def/audit#">
<audit:record ID="AUDREC1">
<audit:process type="Fedora API-M"/>
<audit:action>modifyDatastreamByValue</audit:action>
<audit:componentID>RELS-SYS</audit:componentID>
<audit:responsibility>fedoraAdmin</audit:responsibility>
<audit:date>2013-05-16T12:06:00.498Z</audit:date>
<audit:justification></audit:justification>
</audit:record>
<audit:record ID="AUDREC2">
<audit:process type="Fedora API-M"/>
<audit:action>modifyDatastreamByValue</audit:action>
<audit:componentID>DC</audit:componentID>
<audit:responsibility>fedoraAdmin</audit:responsibility>
<audit:date>2013-05-16T12:09:14.950Z</audit:date>
<audit:justification></audit:justification>
</audit:record>
</audit:auditTrail>
</foxml:xmlContent>
</foxml:datastreamVersion>
</foxml:datastream>
<foxml:datastream ID="commonData" STATE="A" CONTROL_GROUP="X" VERSIONABLE="false">
<foxml:datastreamVersion ID="commonData.0" LABEL="" CREATED="2013-05-16T12:06:00.439Z" MIMETYPE="text/xml" SIZE="7897">
<foxml:xmlContent>
<ting:container xmlns:ac="http://biblstandard.dk/ac/namespace/" xmlns:dc="http://purl.org/dc/elements/1.1/" xmlns:dcterms="http://purl.org/dc/terms/" xmlns:dkabm="http://biblstandard.dk/abm/namespace/dkabm/" xmlns:dkdcplus="http://biblstandard.dk/abm/namespace/dkdcplus/" xmlns:docbook="http://docbook.org/ns/docbook" xmlns:oss="http://oss.dbc.dk/ns/osstypes" xmlns:ting="http://www.dbc.dk/ting" xmlns:xsi="http://www.w3.org/2001/XMLSchema-instance"><dkabm:record><ac:identifier>29036748|870970</ac:identifier><ac:source>Bibliotekskatalog</ac:source><dc:title>Farlige dyr</dc:title><dc:title xsi:type="dkdcplus:full">Farlige dyr</dc:title><dc:creator xsi:type="dkdcplus:aut">Angela Weinhold</dc:creator><dc:creator xsi:type="oss:sort">Weinhold, Angela</dc:creator><dc:subject xsi:type="dkdcplus:DK5">58</dc:subject><dc:subject xsi:type="dkdcplus:DK5-Text">Zoologi</dc:subject><dc:subject xsi:type="dkdcplus:DBCF">dyr</dc:subject><dc:subject xsi:type="dkdcplus:DBCN">for 5 år</dc:subject><dc:subject xsi:type="dkdcplus:DBCN">for 6 år</dc:subject><dc:subject xsi:type="dkdcplus:DBCN">for 7 år</dc:subject><dc:subject xsi:type="dkdcplus:DBCN">for 8 år</dc:subject><dc:subject xsi:type="dkdcplus:DBCN">for 9 år</dc:subject><dc:subject xsi:type="dkdcplus:DBCO">løft og kig</dc:subject><dc:subject xsi:type="dkdcplus:DBCF">vilde dyr</dc:subject><dcterms:abstract>Billedbog med flapper om hvorfor nogle dyr er farlige, hvordan de opsporer deres bytte, og hvordan de jagede dyr forsvarer sig</dcterms:abstract><dcterms:audience>børnematerialer</dcterms:audience><dc:publisher>Klematis</dc:publisher><dc:contributor xsi:type="dkdcplus:ill">Angela Weinhold</dc:contributor><dc:contributor xsi:type="dkdcplus:trl">Jesper Vad</dc:contributor><dc:date>2011</dc:date><dc:type xsi:type="dkdcplus:BibDK-Type">Billedbog</dc:type><dc:format>alle illustreret i farver</dc:format><dcterms:extent>14 sider</dcterms:extent><dc:identifier xsi:type="dkdcplus:ISBN">9788764107326</dc:identifier><dc:source>Gefährliche Tiere</dc:source><dc:language xsi:type="dcterms:ISO639-2">dan</dc:language><dc:language>Dansk</dc:language></dkabm:record>